@article{suzuki1977monte,
  title={Monte Carlo simulation of quantum spin systems. I},
  author={Suzuki, Masuo and Miyashita, Seiji and Kuroda, Akira},
  journal={Progress of Theoretical Physics},
  volume={58},
  number={5},
  pages={1377--1387},
  year={1977},
  publisher={Oxford University Press}
}

@article{santoro2002theory,
  title={Theory of quantum annealing of an Ising spin glass},
  author={Santoro, Giuseppe E and Marton{\'a}k, Roman and Tosatti, Erio and Car, Roberto},
  journal={Science},
  volume={295},
  number={5564},
  pages={2427--2430},
  year={2002},
  publisher={American Association for the Advancement of Science}
}

@article{metropolis1953equation,
  title={Equation of state calculations by fast computing machines},
  author={Metropolis, Nicholas and Rosenbluth, Arianna W and Rosenbluth, Marshall N and Teller, Augusta H and Teller, Edward},
  journal={The journal of chemical physics},
  volume={21},
  number={6},
  pages={1087--1092},
  year={1953},
  publisher={American Institute of Physics}
}

@inproceedings{crosson2016simulated,
  title={Simulated quantum annealing can be exponentially faster than classical simulated annealing},
  author={Crosson, Elizabeth and Harrow, Aram W},
  booktitle={2016 IEEE 57th Annual Symposium on Foundations of Computer Science (FOCS)},
  pages={714--723},
  year={2016},
  organization={IEEE}
}

@article{farhi2002quantum,
  title={Quantum adiabatic evolution algorithms versus simulated annealing},
  author={Farhi, Edward and Goldstone, Jeffrey and Gutmann, Sam},
  journal={arXiv preprint quant-ph/0201031},
  year={2002}
}

@article{martovnak2002quantum,
  title={Quantum annealing by the path-integral Monte Carlo method: The two-dimensional random Ising model},
  author={Marto{\v{n}}{\'a}k, Roman and Santoro, Giuseppe E and Tosatti, Erio},
  journal={Physical Review B},
  volume={66},
  number={9},
  pages={094203},
  year={2002},
  publisher={APS}
}